
@thesis{Wilson-2013,
	author = {Wilson, M},
	title = {Development of a Low-Cost, Mid-Sized, Tele-Operated, Wheeled Robot for Rescue Reconnaissance},
	type = {MEC4110W Individual Project},
	institution = {University of Cape Town},
	date = {1 October 2013},
	year = {2013},
}

@thesis{Haskel-2017,
	author = {Haskel, J},
	title = {A cost effective, tele-operated observation search and rescue robot},
	type = {Individual Project},
	institution = {University of Cape Town},
	date = {November 2017},
	year = {2017},
}

@thesis{Buchanan-2018,
	author = {Buchanan, M},
	title = {Ascender},
	type = {Individual Project},
	institution = {University of Cape Town},
	date = {23 October 2018},
	year = {2018},
}

@thesis{Powrie-2019,
	author = {Powrie, R.D.},
	title = {Di-Wheel Robot},
	type = {Individual Project},
	institution = {University of Cape Town},
	date = {14 October 2019},
	year = {2019},
}

%@patent{patent,
	author = {Forsyth, R.W. and Forsyth, J.P.},
	title = {Amphibious star-wheeled vehicle},
	number = {US3348518A},
	date = {1965-10-13},
	year = {1965},
	OPTholder = {Lockheed Corp},
	OPTsubtitle = {subtitle},
	OPTtitleaddon = {titleaddon},
	OPTtype = {type},
	OPTversion = {version},
	OPTlocation = {location},
	OPTnote = {note},
	OPTdate = {date},
	OPTmonth = {month},
	OPTyear = {year},
	OPTaddendum = {addendum},
	OPTpubstate = {pubstate},
	OPTdoi = {doi},
	OPTeprint = {eprint},
	OPTeprintclass = {eprintclass},
	OPTeprinttype = {eprinttype},
	OPTurl = {url},
	OPTurldate = {urldate},
}

@INPROCEEDINGS{Smith-2015,
	author={Smith, Lauren M. and Quinn, Roger D. and Johnson, Kyle A. and Tuck, William R.},
	booktitle={2015 IEEE/RSJ International Conference on Intelligent Robots and Systems (IROS)}, 
	title={The Tri-Wheel: A novel wheel-leg mobility concept}, 
	year={2015},
	volume={},
	number={},
	pages={4146-4152},
	doi={10.1109/IROS.2015.7353963}}